<?xml version="1.0" encoding="UTF-8"?>
<record xmlns="http://www.loc.gov/MARC21/slim" xmlns:xsi="http://www.w3.org/2001/XMLSchema-instance" xsi:schemaLocation="http://www.loc.gov/MARC21/slim http://www.loc.gov/standards/marcxml/schema/MARC21slim.xsd">
<leader>     nam a22002771a 4500</leader>
<controlfield tag="001">001682231</controlfield>
<controlfield tag="003">NNU</controlfield>
<controlfield tag="005">20001219000257.0</controlfield>
<controlfield tag="008">960503r19601911iq a     b    001 0 arard</controlfield>
<datafield tag="010" ind1=" " ind2=" ">
<subfield code="a">ne 64001155</subfield>
</datafield>
<datafield tag="035" ind1="9" ind2=" ">
<subfield code="a">NYUb12225641</subfield>
</datafield>
<datafield tag="035" ind1=" " ind2=" ">
<subfield code="a">(NIC)notisANU5838</subfield>
</datafield>
<datafield tag="035" ind1=" " ind2=" ">
<subfield code="a">(CStRLIN)NYCXANU5838-B</subfield>
</datafield>
<datafield tag="040" ind1=" " ind2=" ">
<subfield code="a">TU</subfield>
<subfield code="c">TU</subfield>
<subfield code="d">RPB</subfield>
<subfield code="d">CStRLIN</subfield>
<subfield code="d">NIC</subfield>
</datafield>
<datafield tag="050" ind1="0" ind2=" ">
<subfield code="a">QB23</subfield>
<subfield code="b">.N3</subfield>
</datafield>
<datafield tag="100" ind1="1" ind2=" ">
<subfield code="a">Nallino, Carlo Alfonso,</subfield>
<subfield code="d">1872-1938.</subfield>
</datafield>
<datafield tag="245" ind1="1" ind2="0">
<subfield code="a">Ilm al-falak ʻinda al-ʻArab fl̄ al-Qurūn al-Wusṭá /</subfield>
<subfield code="c">mulakhkhaṣ al-Muḥāḍarāt allatī alqāhā bil-Jāmiʻah al-Miṣriyah Kārlū Nallīnū.</subfield>
</datafield>
<datafield tag="260" ind1=" " ind2=" ">
<subfield code="a">Baghdād :</subfield>
<subfield code="b">Maktabat al Mathanná,</subfield>
<subfield code="c">[196-]</subfield>
</datafield>
<datafield tag="300" ind1=" " ind2=" ">
<subfield code="a">370 p. :</subfield>
<subfield code="b">ill. ;</subfield>
<subfield code="c">25 cm.</subfield>
</datafield>
<datafield tag="500" ind1=" " ind2=" ">
<subfield code="a">Title on added t.p.: Arabian astronomy, its history during the medieval times, by Carlo Nallino.</subfield>
</datafield>
<datafield tag="534" ind1=" " ind2=" ">
<subfield code="p">Reprint. Originally published:</subfield>
<subfield code="c">Rūmā : al-Jāmiʻah al-Misrīyah, 1911.</subfield>
</datafield>
<datafield tag="650" ind1=" " ind2="0">
<subfield code="a">Astronomy, Arab.</subfield>
</datafield>
<datafield tag="740" ind1="0" ind2=" ">
<subfield code="a">Arabian astronomy.</subfield>
</datafield>
<datafield tag="OWN" ind1=" " ind2=" ">
<subfield code="a">GENERAL</subfield>
</datafield>
<datafield tag="950" ind1=" " ind2=" ">
<subfield code="l">BMAIN</subfield>
<subfield code="a">QB23</subfield>
<subfield code="b">.N3</subfield>
</datafield>
<datafield tag="955" ind1=" " ind2=" ">
<subfield code="l">BMAIN</subfield>
<subfield code="c">1</subfield>
<subfield code="r">016085360</subfield>
</datafield>
<datafield tag="955" ind1=" " ind2=" ">
<subfield code="l">BMAIN</subfield>
<subfield code="c">2</subfield>
<subfield code="r">029148403</subfield>
</datafield>
<datafield tag="998" ind1=" " ind2=" ">
<subfield code="s">9125</subfield>
</datafield>
<datafield tag="AVA" ind1=" " ind2=" ">
<subfield code="a">NYU50</subfield>
<subfield code="b">BOBST</subfield>
<subfield code="c">Main Collection</subfield>
<subfield code="d">QB23 .N3</subfield>
<subfield code="e">unavailable</subfield>
<subfield code="t">Unavailable</subfield>
<subfield code="f">1</subfield>
<subfield code="g">1</subfield>
<subfield code="h">N</subfield>
<subfield code="i">0</subfield>
<subfield code="j">MAIN</subfield>
<subfield code="k">0</subfield>
</datafield>
</record>
